@book{pressman,
  title={Ingenier{\'\i}a del software: un enfoque pr{\'a}ctico},
  author={Pressman, R.S. and Murrieta, J.E.M. and Olgu{\'\i}n, V.C. and Rojas, E.P.},
  isbn={9789701054734},
  url={https://books.google.com.mx/books?id=t9k6vgAACAAJ},
  year={2010},
  publisher={McGraw-Hill}
}
